@book{Munk2017,
	address = {Berkeley, CA},
	author = {Munk, Madicken M.},
	publisher = {University of California, Berkeley},
	title = {{FW/CADIS-$\Omega$: An Angle-Informed Hybrid Method for Neutron Transport}},
	year = {2017}
}

@techreport{Peplow-ORNL,
	title = {Consistent Adjoint Driven Importance Sampling using Space, Energy, and Angle},
	institution = {Oak Ridge National Lab., TN (United States)},
	author = {Peplow, Douglas E. and Mosher, Scott W. and Evans, Thomas M.},
	year = {2012},
}


@techreport{mosher_new_2010,
	title = {A {New} {Version} of the {ADVANTG} {Variance} {Reduction} {Generator}},
	url = {http://www.osti.gov/scitech/biblio/978283},
	urldate = {2015-08-31},
	institution = {Oak Ridge National Laboratory (ORNL)},
	author = {Mosher, Scott W.},
	year = {2010},
	file = {Snapshot:/Users/madicken/Library/Application Support/Zotero/Profiles/4l8yjm7c.default/zotero/storage/HKZ4UCBK/978283.html:text/html}
}

@article{brown_mcnp_2002,
	title = {{MCNP} version 5},
	volume = {87},
	number = {273},
	journal = {Transactions of the American Nuclear Society},
	author = {Brown, Forrest B. and Barrett, R. F. and Booth, T. E. and Bull, J. S. and Cox, L. J. and Forster, R. A. and Goorley, T. J. and Mosteller, R. D. and Post, S. E. and Prael, R. E. and {others}},
	year = {2002},
	pages = {02--3935}
}


@article{wagner_automatic_1997,
	title = {Automatic {Variance} {Reduction} for {Monte} {Carlo} {Shielding} {Calculations} with the {Discrete} {Ordinates} {Adjoint} {Function}},
	volume = {1},
	url = {http://www.ornl.gov/sci/nsed/rnsd/staff/Publications/WagnerPubs/wagner_ssprings97_auto.pdf},
	urldate = {2015-08-28},
	journal = {Proceedings of the Joint International Conference Mathematical Methods and Supercomputing in Nuclear Applications},
	author = {Wagner, John C. and Haghighat, Alireza},
	year = {1997},
	pages = {67},
	file = {[PDF] from ornl.gov:/Users/madicken/Library/Application Support/Zotero/Profiles/4l8yjm7c.default/zotero/storage/8K8SUD9Z/Wagner and Haghighat - 1997 - Automatic Variance Reduction for Monte Carlo Shiel.pdf:application/pdf}
}

@article{wagner_automated_1998,
	title = {{Automated variance reduction of Monte Carlo shielding calculations using the discrete ordinates adjoint function}},
	volume = {128},
	author = {Wagner, John C. and Haghighat, Alireza},
	url = {http://www.ans.org/pubs/journals/nse/a_1951},
	number = {2},
	urldate = {2015-08-28},
	journal = {Nuclear technology},
	year = {1998},
	pages = {186--208}
}

@article{haghighat_monte_2003,
	title = {Monte {Carlo} variance reduction with deterministic importance functions},
	volume = {42},
	url = {http://www.sciencedirect.com/science/article/pii/S0149197002000021},
	number = {1},
	urldate = {2015-08-28},
	journal = {Progress in Nuclear Energy},
	author = {Haghighat, Alireza and Wagner, John C.},
	year = {2003},
	pages = {25--53},
	file = {[PDF] from ornl.org:/Users/madicken/Library/Application Support/Zotero/Profiles/4l8yjm7c.default/zotero/storage/MAPNJCJK/Haghighat and Wagner - 2003 - Monte Carlo variance reduction with deterministic .pdf:application/pdf;Snapshot:/Users/madicken/Library/Application Support/Zotero/Profiles/4l8yjm7c.default/zotero/storage/N9W5NAH9/S0149197002000021.html:text/html}
}

@article{wagner_forward-weighted_2007,
	title = {Forward-Weighted {CADIS} method for global variance reduction},
	volume = {97},
	url = {http://wp.ornl.gov/sci/nsed/rnsd/staff/Publications/WagnerPubs/Wagner_FW-CADIS_Nov2007_ANS-Trans.pdf},
	urldate = {2015-08-28},
	journal = {Transactions of the American Nuclear Society},
	author = {Wagner, John C. and Blakeman, Edward D. and Peplow, Douglas E.},
	year = {2007},
	pages = {630},
	file = {[PDF] from ornl.gov:/Users/madicken/Library/Application Support/Zotero/Profiles/4l8yjm7c.default/zotero/storage/WFV8JC2M/Wagner et al. - 2007 - Forward-weighted CADIS method for global variance .pdf:application/pdf}
}

@inproceedings{wagner_forward-weighted_2009,
	title = {Forward-weighted {CADIS} method for variance reduction of {Monte} {Carlo} calculations of distributions and multiple localized quantities},
	author = {Wagner, John C. and Blakeman, Edward D. and Peplow, Douglas E.},
	url = {http://www.ornl.gov/~5pe/p038.pdf},
	urldate = {2015-08-28},
	booktitle = {Proceedings of the 2009 {Int}. {Conference} on {Advances} in {Mathematics}, {Computational} {Methods}, and {Reactor} {Physics}, {Saratoga} {Springs}, {NY}},
	year = {2009},
	file = {[PDF] from ornl.gov:/Users/madicken/Library/Application Support/Zotero/Profiles/4l8yjm7c.default/zotero/storage/N7CUZ5XC/Wagner et al. - 2009 - Forward-weighted CADIS method for variance reducti.pdf:application/pdf}
}

@article{wagner_forward-weighted_2010,
	title = {Forward-{Weighted} {CADIS} {Method} for {Variance} {Reduction} of {Monte} {Carlo} {Reactor} {Analyses}},
	volume = {103},
	url = {http://aprs.ornl.gov/nsed/rnsd/staff/Publications/WagnerPubs/Wagner-FW-CADIS-ANS-2010W_final.pdf},
	urldate = {2015-08-28},
	journal = {Transactions of the American Nuclear Society},
	author = {Wagner, John C. and Mosher, Scott W.},
	year = {2010},
	pages = {342--345},
	file = {[PDF] from ornl.gov:/Users/madicken/Library/Application Support/Zotero/Profiles/4l8yjm7c.default/zotero/storage/4QHZ6A7R/Wagner and Mosher - 2010 - Forward-Weighted CADIS Method for Variance Reducti.pdf:application/pdf}
}

@inproceedings{ibrahim_multi-step_2014,
	title = {The {Multi}-{Step} {CADIS} {Method} for {Shutdown} {Dose} {Rate} {Calculations} and {Uncertainty} {Propagation}},
	url = {http://www.ornl.gov/~5pe/p089.pdf},
	urldate = {2015-08-28},
	booktitle = {American {Nuclear} {Society} {Radiation} {Protection} and {Shielding} {Division} 2014 {Topical} {Meeting}},
	author = {Ibrahim, Ahmad M. and Peplow, Douglas E. and Grove, Robert E. and Johnson, Seth R.},
	year = {2014},
	pages = {14--18},
	file = {[PDF] from ornl.gov:/Users/madicken/Library/Application Support/Zotero/Profiles/4l8yjm7c.default/zotero/storage/QQBTRUJT/Ibrahim et al. - 2014 - The Multi-Step CADIS Method for Shutdown Dose Rate.pdf:application/pdf}
}

@incollection{hendricks_mcnp_1985,
	title = {{MCNP} variance reduction overview},
	url = {http://link.springer.com/chapter/10.1007/BFb0049037},
	urldate = {2015-08-28},
	booktitle = {Monte-{Carlo} {Methods} and {Applications} in {Neutronics}, {Photonics} and {Statistical} {Physics}},
	publisher = {Springer},
	author = {Hendricks, J. S. and Booth, T. E.},
	year = {1985},
	pages = {83--92},
	file = {[PDF] from lanl.gov:/Users/madicken/Library/Application Support/Zotero/Profiles/4l8yjm7c.default/zotero/storage/JGRUH8RG/Hendricks and Booth - 1985 - MCNP variance reduction overview.pdf:application/pdf;Snapshot:/Users/madicken/Library/Application Support/Zotero/Profiles/4l8yjm7c.default/zotero/storage/Z7JRBXZJ/BFb0049037.html:text/html}
}

@article{evans_solution_1999,
	title = {The {Solution} of {Well} {Logging} {Problems} {Using} {Hybrid} {Transport} {Methods} on {Unstructured} {Meshes}},
	journal = {Proceedings of the Mathematics and Computation, Reactor Physics and Environmental Analysis in Nuclear Applications},
	author = {Evans, T. M. and Wareing, T. A.},
	year = {1999},
	pages = {1393}
}

@article{jaynes_information_1957,
	title = {Information theory and statistical mechanics},
	volume = {106},
	url = {http://journals.aps.org/pr/abstract/10.1103/PhysRev.106.620},
	number = {4},
	urldate = {2015-08-28},
	journal = {Physical review},
	author = {Jaynes, Edwin T.},
	year = {1957},
	pages = {620},
	file = {[PDF] from uq.edu.au:/Users/madicken/Library/Application Support/Zotero/Profiles/4l8yjm7c.default/zotero/storage/IUVGBR6P/Jaynes - 1957 - Information theory and statistical mechanics.pdf:application/pdf;Snapshot:/Users/madicken/Library/Application Support/Zotero/Profiles/4l8yjm7c.default/zotero/storage/EHC6WNQG/PhysRev.106.html:text/html}
}

@article{jaynes_information_1957-1,
	title = {Information theory and statistical mechanics. {II}},
	volume = {108},
	url = {http://journals.aps.org/pr/abstract/10.1103/PhysRev.108.171},
	number = {2},
	urldate = {2015-08-28},
	journal = {Physical review},
	author = {Jaynes, Edwin T.},
	year = {1957},
	pages = {171},
	file = {[PDF] from 130.58.92.210:/Users/madicken/Library/Application Support/Zotero/Profiles/4l8yjm7c.default/zotero/storage/PDQHDSFX/Jaynes - 1957 - Information theory and statistical mechanics. II.pdf:application/pdf;Snapshot:/Users/madicken/Library/Application Support/Zotero/Profiles/4l8yjm7c.default/zotero/storage/6FTRP4IW/PhysRev.108.html:text/html}
}

@techreport{williams_contributon_study,
       title = {A Fundamental Study of Contributon Transport Theory and Channel Theory Applications},
       number = {DOE/ER/12899--T1},
       institution = {Louisiana State University},
       author = {Williams, M. L.},
       month = {July},
       year = {1994}
}

@article{williams_generalized_1991,
	title = {Generalized contributon response theory},
	volume = {108},
	url = {http://www.ans.org/pubs/journals/nse/a_23835},
	number = {4},
	urldate = {2015-08-28},
	journal = {Nuclear Science and Engineering},
	author = {Williams, M. L.},
	year = {1991},
	pages = {355--383},
	file = {Snapshot:/Users/madicken/Library/Application Support/Zotero/Profiles/4l8yjm7c.default/zotero/storage/8NIS8MQ2/a_23835.html:text/html}
}

@article{williams_contributorn_1992,
	title = {Contributron {Slowing}-{Down} {Theory}},
	volume = {111},
	url = {http://www.ans.org/pubs/journals/nse/a_15483},
	number = {4},
	urldate = {2015-08-28},
	journal = {Nuclear science and engineering},
	author = {Williams, Mark L. and Manohara, Harish},
	year = {1992},
	pages = {345--367},
	file = {Snapshot:/Users/madicken/Library/Application Support/Zotero/Profiles/4l8yjm7c.default/zotero/storage/3JCJDD83/a_15483.html:text/html}
}

@article{seydaliev_contributon_2008,
	title = {Contributon {Theory} for {Shielding} {Analysis}},
	url = {http://icf4.neep.wisc.edu/pdf/fdm1338.pdf},
	urldate = {2015-08-28},
	journal = {Madison, WI: Fusion Technology Institute (University of Wisconsin)},
	author = {Seydaliev, Marat and Henderson, D. L.},
	year = {2008},
	file = {[PDF] from wisc.edu:/Users/madicken/Library/Application Support/Zotero/Profiles/4l8yjm7c.default/zotero/storage/Q4EIMC5B/Seydaliev and Henderson - 2008 - Contributon Theory for Shielding Analysis.pdf:application/pdf}
}


@article{wagner_hybrid_2011,
	title = {Hybrid and parallel domain-decomposition methods development to enable monte carlo for reactor analyses},
	volume = {2},
	url = {http://www.ornl.gov/~5pe/p055.pdf},
	urldate = {2015-08-28},
	journal = {Progress in nuclear science and technology},
	author = {Wagner, John C. and Mosher, Scott W. and Evans, Thomas M. and Peplow, Douglas E. and Turner, John A.},
	year = {2011},
	pages = {815--820},
	file = {[PDF] from ornl.gov:/Users/madicken/Library/Application Support/Zotero/Profiles/4l8yjm7c.default/zotero/storage/CGHDUBVZ/Wagner et al. - 2011 - Hybrid and parallel domain-decomposition methods d.pdf:application/pdf}
}

@article{wagner_review_2011,
	title = {Review of hybrid (deterministic/{Monte} {Carlo}) radiation transport methods, codes, and applications at {Oak} {Ridge} {National} {Laboratory}},
	volume = {2},
	url = {http://www.aesj.or.jp/publication/pnst002/data/808-814.pdf},
	urldate = {2015-08-28},
	journal = {Progress in nuclear science and technology},
	author = {Wagner, John C. and Peplow, Douglas E. and Mosher, Scott W. and Evans, Thomas M.},
	year = {2011},
	pages = {808--814},
	file = {[PDF] from aesj.or.jp:/Users/madicken/Library/Application Support/Zotero/Profiles/4l8yjm7c.default/zotero/storage/8R286CUZ/Wagner et al. - 2011 - Review of hybrid (deterministicMonte Carlo) radia.pdf:application/pdf}
}

@article{evans_denovo:_2010,
	title = {Denovo: {A} new three-dimensional parallel discrete ordinates code in {SCALE}},
	volume = {171},
	shorttitle = {Denovo},
	url = {http://www.ans.org/pubs/journals/nt/a_10782},
	number = {2},
	urldate = {2015-08-28},
	journal = {Nuclear technology},
	author = {Evans, Thomas M. and Stafford, Alissa S. and Slaybaugh, Rachel N. and Clarno, Kevin T.},
	year = {2010},
	pages = {171--200},
	file = {Snapshot:/Users/madicken/Library/Application Support/Zotero/Profiles/4l8yjm7c.default/zotero/storage/DZXJUGTP/a_10782.html:text/html}
}

@inproceedings{wagner_automated_2002,
	title = {An automated deterministic variance reduction generator for {Monte} {Carlo} shielding applications},
	url = {http://wp.ornl.gov/sci/nsed/rnsd/staff/Publications/WagnerPubs/wagner_rpsd_apr2002_advantg.pdf},
	urldate = {2015-09-07},
	booktitle = {Proceedings of the {American} {Nuclear} {Society} 12th {Biennial} {RPSD} {Topical} {Meeting}},
	author = {Wagner, John C.},
	year = {2002},
	pages = {14--18},
	file = {[PDF] from ornl.gov:/Users/madicken/Library/Application Support/Zotero/Profiles/4l8yjm7c.default/zotero/storage/WNQK5EJM/Wagner - 2002 - An automated deterministic variance reduction gene.pdf:application/pdf}
}

@techreport{peplow_consistent_2012,
	title = {Consistent {Adjoint} {Driven} {Importance} {Sampling} using {Space}, {Energy}, and {Angle}},
	number = {ORNL/TM-2012/7},
	institution = {Oak Ridge National Laboratory},
	author = {Peplow, Douglas E. and Mosher, Scott W. and Evans, T. M.},
	month = aug,
	year = {2012},
	file = {Peplow_ORNL-TM-2017-7_cadisAngle.docx:/Users/madicken/Library/Application Support/Zotero/Profiles/4l8yjm7c.default/zotero/storage/NDP87Q2H/Peplow_ORNL-TM-2017-7_cadisAngle.docx:application/vnd.openxmlformats-officedocument.wordprocessingml.document}
}

@article{peplow_mavric_2011,
       title = {{Monte Carlo Shielding Analysis Capabilities with MAVRIC}},
       volume = {174},
       journal = {Nuclear Technology},
       author = {Peplow, Douglas E.},
       year = {2011},
       pages = {289-313},
}

@techreport{SCALE,
address = {Oak Ridge, TN},
author = {SCALE Team},
booktitle = {SCALE: A Comprehensive Modeling and Simulation Suite for Nuclear Safety Analysis and Design},
institution = {Radiation Safety Information Computational Center at Oak Ridge National Laboratory},
number = {ORNL/TM-2005/39},
title = {{Version 6.1, Section S6}},
year = {2011}
}